@misc{henson:fsck,
  title     = {The many faces of {fsck}},
  author    = {Valerie Henson},
  year      = 2007,
  month     = sep,
  url       = {https://lwn.net/Articles/248180/},
}

@inproceedings{alglave:litmus-tool,
  author    = {Alglave, Jade and Maranget, Luc and Sarkar, Susmit and Sewell, Peter},
  title     = {Litmus: Running Tests against Hardware},
  crossref  = {TACAS11}
}

@inproceedings{wickerson:memalloy,
  author    = {Wickerson, John and Batty, Mark and Sorensen, Tyler and Constantinides, George A.},
  title     = {Automatically Comparing Memory Consistency Models},
  crossref  = {POPL17}
}

@inproceedings{mohan:crashmonkey,
  author   = {Mohan, Jayashree and Martinez, Ashlie and Ponnapalli, Soujanya and Raju, Pandian and
              Chidambaram, Vijay},
  title    = {Finding Crash-Consistency Bugs with Bounded Black-Box Crash Testing},
  crossref = {OSDI18},
  pages    = {33--50}
}

@inproceedings{neal:agamatto,
  author    = {Ian Neal and Ben Reeves and Ben Stoler and Andrew Quinn and Youngjin Kwon and
               Simon Peter and Baris Kasikci},
  title     = {{AGAMOTTO:} How Persistent is your Persistent Memory Application?},
  crossref  = {OSDI20},
  pages     = {1047--1064}
}

@article{lamport:happens-before,
  author    = {Lamport, Leslie},
  title     = {Time, Clocks, and the Ordering of Events in a Distributed System},
  journal   = {Commun. ACM},
  volume    = {21},
  number    = {7},
  year      = {1978}
}

@misc{corbet:ext4,
	author    = {Jonathan Corbet},
  title     = {ext4 and data loss},
  month     = mar,
  year      = 2009,
  url       = {http://lwn.net/Articles/322823/}
}

@inproceedings{prabhakaran:journaling,
  author    = {Vijayan Prabhakaran and Andrea C. Arpaci{-}Dusseau and Remzi H. Arpaci{-}Dusseau},
  title     = {Analysis and Evolution of Journaling File Systems},
  crossref  = {USENIX05},
  pages     = {105--120}
}

@misc{gribincea:ubuntu-ext4,
  author    = {Bogdan Gribincea},
  title     = {Bug \#317781: Ext4 data loss},
  month     = jan,
  year      = 2009,
  url       = {https://bugs.launchpad.net/ubuntu/+source/linux/+bug/317781}
}

@inproceedings{alglave:diy,
  author    = {Jade Alglave and Luc Maranget and Susmit Sarkar and Peter Sewell},
  title     = {Fences in Weak Memory Models},
  crossref  = {CAV10},
  pages     = {258--272}
}

@article{oneil:lsm,
  author    = {O'Neil, Patrick and Cheng, Edward and Gawlick, Dieter and
               O'Neil, Elizabeth},
  title     = {The Log-Structured Merge-Tree (LSM-Tree)},
  journal   = {Acta Informatica},
  volume    = {33},
  number    = {4},
  month     = jun,
  year      = 1996,
  pages     = {351--385}
}

@inproceedings{bornholt:s3-anon,
  author    = {Anonymous},
  title     = {Anonymized for double blind review},
  year      = 2022
}

@inproceedings{torlak:kodkod,
  author    = {Emina Torlak and Daniel Jackson},
  title     = {Kodkod: A Relational Model Finder},
  crossref  = {TACAS07}
}

@inproceedings{udupa:transit,
  author    = {Udupa, Abhishek and Raghavan, Arun and Deshmukh, Jyotirmoy V. and
               Mador-Haim, Sela and Martin, Milo M.K. and Alur, Rajeev},
  title     = {{TRANSIT}: Specifying Protocols with Concolic Snippets},
  crossref  = {PLDI13},
  pages     = {287--296}
}

@inproceedings{sen:concolic,
  author    = {Koushik Sen and Darko Marinov and Gul Agha},
  title     = {{CUTE}: a concolic unit testing engine for C},
  crossref  = {ESECFSE05}
}