@inproceedings{moura:lean,
  title = {The {Lean} Theorem Prover},
  author = {Leonardo de Moura and Soonho Kong and Jeremy Avigad and Floris van Doorn and Jakob von Raumer},
  crossref = {CADE15},
  pages = {378--388},
}

@conference{blazakis:jit-spraying,
  title = {Interpreter Exploitation: Pointer Inference and {JIT} Spraying},
  author = {Dion Blazakis},
  booktitle = {Black Hat DC},
  year = 2010,
  address = {Arlington, VA},
  month = feb,
}

@misc{gpz:1454,
  title = {Issue 1454: arbitrary read+write via incorrect range tracking in {eBPF}},
  author = {Jann Horn},
  howpublished = {\url{https://bugs.chromium.org/p/project-zero/issues/detail?id=1454}},
  year = 2018,
  month = jan,
}

@misc{paul:cve-2020-8835,
  author = {Manfred Paul},
  title = {{CVE}-2020-8835: {L}inux Kernel Privilege Escalation via Improper {eBPF} Program Verification},
  howpublished = {\url{https://www.thezdi.com/blog/2020/4/8/cve-2020-8835-linux-kernel-privilege-escalation-via-improper-ebpf-program-verification}},
  year = 2020,
  month = apr,
}

@article{niemetz:boolector,
  title     = {Boolector 2.0 system description},
  author    = {Aina Niemetz and Mathias Preiner and Armin Biere},
  journal   = {Journal on Satisfiability, Boolean Modeling and Computation},
  volume    = {9},
  pages     = {53--58},
  year      = {2014 (published 2015)},
  publisher = {IOS Press},
}

@inproceedings{marcozzi:compiler-fuzzing,
  title = {Compiler Fuzzing: How Much Does It Matter?},
  author = {Micha\"el Marcozzi and Qiyi Tang and Alastair Donaldson and Cristian Cadar},
  crossref = {OOPSLA19},
  articleno = {155},
  numpages = {29},
}

@inproceedings{zhang:emi,
  title = {Skeletal Program Enumeration for Rigorous Compiler Testing},
  author = {Qirun Zhang and Chengnian Sun and Zhendong Su},
  crossref = {PLDI17},
  pages = {347--361},
}

@inproceedings{phothilimthana:chlorophyll,
  title = {Chlorophyll: Synthesis-Aided Compiler for Low-Power Spatial Architectures},
  author = {Phitchaya Mangpo Phothilimthana and Tikhon Jelvis and Rohin Shah and Nishant Totla and Sarah Chasins and Rastislav Bodik},
  crossref = {PLDI14},
  pages = {396--407},
}

@inproceedings{gulwani:brahma,
  title = {Synthesis of Loop-free Programs},
  author = {Sumit Gulwani and Susmit Jha and Ashish Tiwari and Ramarathnam Venkatesan},
  crossref = {PLDI11},
  pages = {62--73},
}

@misc{sasnauskas:souper,
  title = {Souper: A Synthesizing Superoptimizer},
  author = {Raimondas Sasnauskas and Yang Chen and Peter Collingbourne and Jeroen Ketema and Gratian Lup and Jubi Taneja and John Regehr},
  year = {2017},
  month = nov,
  howpublished = {\url{https://arxiv.org/abs/1711.04422}},
}

@inproceedings{bansal:binary,
  title = {Binary Translation Using Peephole Superoptimizers},
  author = {Sorav Bansal and Alex Aiken},
  crossref = {OSDI08},
  pages = {177--192},
}

@inproceedings{schkufza:stoke,
  title = {Stochastic Superoptimization},
  author = {Eric Schkufza and Rahul Sharma and Alex Aiken},
  crossref = {ASPLOS13},
  pages = {305--316},
}

@inproceedings{massalin:superopt,
  title = {Superoptimizer: A Look at the Smallest Program},
  author = {Henry Massalin},
  crossref = {ASPLOS87},
  pages = {122--126},
}

@inproceedings{joshi:denali,
  title = {Denali: A Goal-directed Superoptimizer},
  author = {Rajeev Joshi and Greg Nelson and Keith Randall},
  crossref = {PLDI02},
  pages = {304--314},
}

@inproceedings{davidson:peephole,
  title = {Automatic Generation of Peephole Optimizations},
  author = {Jack W. Davidson and Christopher W. Fraser},
  booktitle = POT # {SIGPLAN Symposium on Compiler Construction},
  year = {1984},
  month = jun,
  address = {Montreal, Canada},
  pages = {111--116},
}

@inproceedings{bansal:superopt,
  title = {Automatic Generation of Peephole Superoptimizers},
  author = {Sorav Bansal and Alex Aiken},
  crossref = {ASPLOS06},
  pages = {394--403},
}

@inproceedings{engler:vcode,
  title = {{VCODE}: A Retargetable, Extensible, Very Fast Dynamic Code Generation System},
  author = {Dawson R. Engler},
  crossref = {pldi96},
  pages = {160--170},
}

@inproceedings{lee:aliveinlean,
  title = {{AliveInLean}: A Verified {LLVM} Peephole Optimization Verifier},
  author = {Juneyoung Lee and Chung-Kil Hur and and Nuno P. Lopes},
  crossref = {CAV19},
  pages = {445--455},
}

@inproceedings{gershuni:crab-ebpf,
  title = {Simple and Precise Static Analysis of Untrusted {Linux} Kernel Extensions},
  author = {Elazar Gershuni and Nadav Amit and Arie Gurfinkel and
            Nina Narodytska and Jorge A. Navas and Noam Rinetzky and
            Leonid Ryzhyk and Mooly Sagiv},
  crossref = {PLDI19},
  pages = {1069--1084},
}

@misc{sobel:ejitk,
  title = {{eJitk}: Extending {Jitk} to {eBPF}},
  author = {Louis Sobel},
  year = 2015,
  month = may,
  howpublished = {\url{https://css.csail.mit.edu/6.888/2015/papers/ejitk_sobel.pdf}},
}

@inproceedings{solar-lezama:sketch,
  title = {Combinatorial Sketching for Finite Programs},
  author = {Armando Solar-Lezama and Liviu Tancau and Rastislav Bodik and
            Sanjit Seshia and Vijay Saraswat},
  crossref = {ASPLOS06},
  pages = {404--415},
}

@misc{nelson:bpf-riscv-add32-bug,
  title = {bpf, riscv: clear high 32 bits for {ALU32} add/sub/neg/lsh/rsh/arsh},
  author = {Luke Nelson},
  year = 2019,
  month = may,
  note = {\url{https://git.kernel.org/pub/scm/linux/kernel/git/torvalds/linux.git/commit/?id=1e692f09e091}},}

@misc{lsc:bug,
  title = {libseccomp: incorrect compilation of arithmetic comparisons},
  author = {Jann Horn},
  year = 2019,
  month = mar,
  howpublished = {\url{https://bugs.chromium.org/p/project-zero/issues/detail?id=1769}}}

@manual{riscv:isa,
  title = {The RISC-V Instruction Set Manual, Volume I: Unprivileged ISA, Document Version 2019121},
  editor = {Andrew Waterman and Krste Asanovi{\'c}},
  organization = {RISC-V Foundation},
  month = dec,
  year = 2019,
}

@misc{sifive:fu540-c000,
  author = {{SiFive}},
  organization = {{SiFive, Inc.}},
  title = {{SiFive} {FU540-C000} Manual, v1p0},
  year = 2018,
  month = apr,
  howpublished = {\url{https://www.sifive.com/boards/hifive-unleashed}},
}

@misc{edge:libseccomp,
  title = {A library for seccomp filters},
  author = {Jake Edge},
  year = 2012,
  month = apr,
  note = {\url{https://lwn.net/Articles/494252/}},
}

@misc{fleming:ebpf,
  title = {A thorough introduction to {eBPF}},
  author = {Matt Fleming},
  year = 2017,
  month = dec,
  note = {\url{https://lwn.net/Articles/740157/}},
}

@inproceedings{psynth,
  author    = {Jinseong Jeon and
               Xiaokang Qiu and
               Armando Solar{-}Lezama and
               Jeffrey S. Foster},
  title     = {Adaptive Concretization for Parallel Program Synthesis},
  booktitle = {Computer Aided Verification - 27th International Conference, {CAV}
               2015, San Francisco, CA, USA, July 18-24, 2015, Proceedings, Part
               {II}},
  pages     = {377--394},
  year      = {2015},
  crossref  = {DBLP:conf/cav/2015},
  url       = {https://doi.org/10.1007/978-3-319-21668-3\_22},
  doi       = {10.1007/978-3-319-21668-3\_22},
  timestamp = {Tue, 14 May 2019 10:00:43 +0200},
  biburl    = {https://dblp.org/rec/bib/conf/cav/JeonQSF15},
  bibsource = {dblp computer science bibliography, https://dblp.org}
}

@proceedings{DBLP:conf/cav/2015,
  editor    = {Daniel Kroening and
               Corina S. Pasareanu},
  title     = {Computer Aided Verification - 27th International Conference, {CAV}
               2015, San Francisco, CA, USA, July 18-24, 2015, Proceedings, Part
               {II}},
  series    = {Lecture Notes in Computer Science},
  volume    = {9207},
  publisher = {Springer},
  year      = {2015},
  url       = {https://doi.org/10.1007/978-3-319-21668-3},
  doi       = {10.1007/978-3-319-21668-3},
  isbn      = {978-3-319-21667-6},
  timestamp = {Tue, 14 May 2019 10:00:43 +0200},
  biburl    = {https://dblp.org/rec/bib/conf/cav/2015},
  bibsource = {dblp computer science bibliography, https://dblp.org}
}

@misc{lsc,
 day = {16},
 month = jun,
 note = {2.3.2},
 title = {seccomp},
 version = {2.3.2},
 year = {2018}
}

@inproceedings{myreen:vjit,
  author = {Myreen, Magnus O.},
  title = {Verified Just-in-Time Compiler on X86},
  publisher = {Association for Computing Machinery},
  address = {New York, NY, USA},
  pages = {107â€“118},
  numpages = {12},
  keywords = {self-modifying code, just in time, compiler verification},
  crossref = {POPL10}
}
